@manual{inmetro2003,
	Author = {INMETRO},
	Title = {Vocabulário internacional de termos fundamentais e gerais de
	metrologia},
	Year = {2013},
	Address = {Rio de Janeiro, Brasil},
	Pages = {75},
	isbn = {85-87090-90-9},
}

@inproceedings{soviero1997,
	Author = {P. A. O. Soviero and L. G. M. Lavagna},
	Title = {A Numerical Model for Thin Airfoils in Unsteady Motion},
	Year = {1997},
	Pages = {332-340},
	Volume = {19},
	Number = {3},
	Booktitle = {Journal of the Brazilian Societyt Mechanical Sciences},	
}

@inproceedings{sparrow1980,
	Author = {E. M. Sparrow},
	Title = {Forced Convection Heat Transfer in a Duct Having Spanwise-Periodic
	Rectangular Protuberances},
	Year = {1980},
	Pages = {149-167},
	Volume = {3},
	Booktitle = {Numerical Heat Transfer},
}

@article{clark1986,
	Author = {J. A. Clark},
	Title = {Private Communication},
	Year = {1986},
	Address = {University of Michigan},
}

@article{arruda2007,
	Author = {M. B. B. Arruda},
	Title = {Como fazer referências: bibliográficas, eletrônicas e demais
	formas de documentos},
	Year = {2007},
	Url = {http://bu.ufsc.br/framerefer.html}
}

@article{coimbra1978,
	Author = {A. L. Coimbra},
	Title = {Lessons of Continuum Mechanics},
	Year = {1978},
	Address = {São Paulo, Brazil},
	Pages = {428},
	Editor = {Edgard Blücher},
}

@inproceedings{bordalo1989,
	Author = {S. N. Bordalo and J. H. Ferziger and S. J. Kline},
	Title = {The Development of Zonal Models for Turbulence},
	Year = {1989},
	Pages = {41-44},
	Booktitle = {Proceedings of the 10th Brazilian Congress of Mechanical
	Engineering}, 
	Volume = {1},	
}

@manual{NBR14724:2011,
	Address = {Rio de Janeiro},
	Date-Added = {2012-12-15 20:34:08 +0000},
	Date-Modified = {2012-12-15 20:35:25 +0000},
	Month = mar,
	Org-Short = {ABNT},
	Organization = {Associa{\c c}\~ao Brasileira de Normas T\'ecnicas},
	Pages = 15,
	Subtitle = {Informa{\c c}\~ao e documenta{\c c}\~ao --- trabalhos acad\^emicos --- apresenta{\c c}\~ao},
	Title = {{NBR} 14724},
	Year = 2011
}

@manual{NBR6034:2000,
	Address = {Rio de Janeiro},
	Org-Short = {ABNT},
	Organization = {Associa{\c c}\~ao Brasileira de Normas T\'ecnicas},
	Subtitle = {Informa{\c c}\~ao e documenta{\c c}\~ao --- Referências},
	Title = {{NBR} 14724},
	Year = 2000
}

@article{kon2012software,
  title={Software Livre e Propriedade Intelectual: Aspectos Jur{\'\i}dicos, Licen{\c{c}}as e Modelos de Neg{\'o}cios},
  author={Kon, Fabio and Lago, Nelson and Meirelles, Paulo and Sabino, Vanessa},
  journal={http://ccsl. ime. usp. br/files/slpi. pdf>. Acesso em},
  volume={2},
  pages={12},
  year={2012}
}

@phdthesis{meirelles2013metrics,
 Author = {Paulo Roberto Miranda Meirelles},
 Title = {Monitoramento de métricas de código-fonte em projetos de software livre}, 
 School = {Instituto de Matemática e Estátistica -- Universidade de São Paulo (IME/USP)}, 
 Year = {2013}
 }

@article{sabino2009licenccas,
  title={Licen{\c{c}}as de Software Livre Hist{\'o}ria e Caracter{\i}sticas},
  author={Sabino, Vanessa and Kon, Fabio},
  year={2009}
}

@book{kon2001software,
  title={O software aberto ea quest{\~a}o social},
  author={Kon, Fabio},
  year={2001},
  publisher={Universidade de S{\~a}o Paulo, Instituto de Matem{\`a}tica e Estat{\'\i}stica}
}

@book{chiavenato2001teoria,
  title={Teoria geral da administra{\c{c}}{\~a}o},
  author={Chiavenato, Idalberto},
  volume={2},
  year={2001},
  publisher={Elsevier Brasil}
}

@book{molinarogestao,
  title={GESTAO DE TECNOLOGIA DA INFORMA{\c{C}}AO},
  author={MOLINARO, L.F.R. and RAMOS, K.H.C.},
  isbn={9788521617723},
  url={http://books.google.com.br/books?id=pQuXuAAACAAJ},
  publisher={LTC}
}
@article{martin2004governancca,
  title={Governan{\c{c}}a empresarial, riscos e controles internos: a emerg{\^e}ncia de um novo modelo de controladoria},
  author={Martin, Nilton Cano and Santos, L{\'\i}lian Regina dos and Dias Filho, Jos{\'e} Maria},
  journal={Revista Contabilidade \& Finan{\c{c}}as},
  volume={15},
  number={34},
  pages={07--22},
  year={2004},
  publisher={SciELO Brasil}
}

@phdthesis{reis2003caracterizacc,
  title={Caracteriza{\c{c}} ao de um Processo de Software para Projetos de Software Livre},
  author={Reis, Christian Robottom and de Mattos Fortes, Renata Pontin},
  year={2003},
  school={PhD thesis, University of Sao Paulo, Brazil}
}

@article{tres2014information,
  title={INFORMATION TECHNOLOGY GOVERNANCE IN PUBLIC ORGANIZATIONS: HOW PERCEIVED EFFECTIVENESS RELATES TO THREE CLASSICAL MECHANISMS},
  author={Carlos D. Santos Jr, Gelson Heindrickson},
  journal={Revista de Gest{\~a}o da Tecnologia e Sistemas de Informa{\c{c}}{\~a}o},
  volume={11},
  number={2},
  pages={297--326},
  year={2014}
}

@article{simon2010rossio,
  title={O rossio n{\~a}o rival},
  author={Simon, Imre and Vieira, Miguel Said},
  journal={Revista USP},
  number={86},
  pages={66--77},
  year={2010}
}

@inproceedings{coutinho2012uso,
  title={O USO DE SOFTWARS LIVRES NA ADMINISTRA{\c{C}}{\~A}O: Possibilidades e Desafios},
  author={Coutinho, Carlos Eduardo and Temponi, {\'I}talo Rotelli and Rodrigues, Julia Espeschit},
  booktitle={Anais do Congresso Nacional Universidade, EAD e Software Livre},
  volume={1},
  number={2},
  year={2012}
}

@article{junior2005software,
  title={Software livre: a administra{\c{c}}{\~a}o p{\'u}blica ea comunh{\~a}o do conhecimento inform{\'a}tico},
  author={J{\'u}nior, Ferraz and Sampaio, T{\'e}rcio and Maranh{\~a}o, Juliano Souza de Albuquerque},
  journal={Revista de direito p{\'u}blico da economia},
  year={2005}
}

@article{alves2009software,
  title={Software P{\'u}blico Brasileiro: muito al{\'e}m do compartilhamento de software},
  author={ALVES, Angela Maria and STEFANUTO, Giancarlo Nuti and CASTRO, Paula Felicio Drummond de and ELEUT{\'E}RIO, Sueli Aparecida Varani},
  year={2009},
  publisher={A2 Comunica{\c{c}}{\~a}o}
}

@article{fuks2008suporte,
  title={Suporte {\`a} Coordena{\c{c}}{\~a}o em Sistemas Colaborativos: uma pesquisa-a{\c{c}}{\~a}o com aprendizes e mediadores atuando em},
  author={Fuks, Hugo},
  year={2008}
}

@incollection{gil2010metodos,
  title={M{\'e}todos e t{\'e}cnicas de pesquisa social},
  author={Gil, Antonio Carlos},
  booktitle={M{\'e}todos e t{\'e}cnicas de pesquisa social},
  year={2010},
  publisher={Atlas}
}

@article{terence2006abordagem,
  title={Abordagem quantitativa, qualitativa ea utiliza{\c{c}}{\~a}o da pesquisa-a{\c{c}}{\~a}o nos estudos organizacionais},
  author={Terence, Ana Cl{\'a}udia Fernandes and Escriv{\~a}o Filho, Edmundo},
  journal={XXVI ENCONTRO NACIONAL DE ENGENHARIA DE PRODU{\c{C}}{\~A}O-ENEGEP},
  volume={9},
  year={2006}
}

@phdthesis{dos2012aplicaccao,
  title={Aplica{\c{c}}{\~a}o de pr{\'a}ticas de usabilidade {\'a}gil em software livre},
  author={dos Santos, Ana Paula Oliveira},
  year={2012},
  school={Universidade de S{\~a}o Paulo}
}



